@article{Luger:2021,
  author        = { {Luger}, Rodrigo and {Bedell}, Megan and {Foreman-Mackey}, Daniel and {Crossfield}, Ian J.~M. and {Zhao}, Lily L. and {Hogg}, David W.},
  title         = {{Mapping stellar surfaces III: An Efficient, Scalable, and Open-Source Doppler Imaging Model}},
  journal       = {arXiv e-prints},
  keywords      = {Astrophysics - Solar and Stellar Astrophysics, Astrophysics - Earth and Planetary Astrophysics, Astrophysics - Instrumentation and Methods for Astrophysics},
  year          = 2021,
  month         = oct,
  eid           = {arXiv:2110.06271},
  pages         = {arXiv:2110.06271},
  archiveprefix = {arXiv},
  eprint        = {2110.06271},
  primaryclass  = {astro-ph.SR},
  adsurl        = {https://ui.adsabs.harvard.edu/abs/2021arXiv211006271L},
  adsnote       = {Provided by the SAO/NASA Astrophysics Data System}
}

@software{Bradbury:2018,
  author  = {James Bradbury and Roy Frostig and Peter Hawkins and Matthew James Johnson and Chris Leary and Dougal Maclaurin and George Necula and Adam Paszke and Jake Vander{P}las and Skye Wanderman-{M}ilne and Qiao Zhang},
  title   = {{JAX}: composable transformations of {P}ython+{N}um{P}y programs},
  url     = {http://github.com/google/jax},
  version = {0.4.1},
  year    = {2018}
}
